@misc{wiki:Bregman_divergence,
   author = "Wikipedia",
   title = "{Bregman divergence} --- {W}ikipedia{,} The Free Encyclopedia",
   year = "2022",
   howpublished = {\url{http://en.wikipedia.org/w/index.php?title=Bregman\%20divergence&oldid=1070400527}},
   note = "[Online; accessed 17-February-2022]"
 }
 
 @misc{wiki:Convex_conjugate,
   author = "Wikipedia",
   title = "{Convex conjugate} --- {W}ikipedia{,} The Free Encyclopedia",
   year = "2022",
   howpublished = {\url{http://en.wikipedia.org/w/index.php?title=Convex\%20conjugate&oldid=1072291165}},
   note = "[Online; accessed 17-February-2022]"
 }