\begin{thebibliography}{4}

@incollection{pisner2020support,
  title={Support vector machine},
  author={Pisner, Derek A and Schnyer, David M},
  booktitle={Machine learning},
  pages={101--121},
  year={2020},
  publisher={Elsevier}
}
@article{bridgelall2022tutorial,
  title={Tutorial on Support Vector Machines},
  author={Bridgelall, Raj},
  year={2022}
}

 @misc{bhattacharyya_2020, title={Understanding Support Vector Machine: Part 2: Kernel Trick; Mercer's theorem}, url={https://towardsdatascience.com/understanding-support-vector-machine-part-2-kernel-trick-mercers-theorem-e1e6848c6c4d}, journal={Medium}, publisher={Towards Data Science}, author={Bhattacharyya, Saptashwa}, year={2020}, month={Oct}} 


\end{thebibliography}