@techreport{novikoff1963convergence,
  title={On convergence proofs for perceptrons},
  author={Novikoff, Albert B},
  year={1963},
  institution={Stanford Research Inst Menlo Park CA}
}

@article{littlestone1988winnow,
    title={Learning quickly when irrelevant attributes abound},
    author={Littlestone, Nick},
    journal={Machine Learning},
    year={1988},
    number={2},
    pages={253â€“318}
}

@inproceedings{zinkevich2003OnlineCP,
  title={Online Convex Programming and Generalized Infinitesimal Gradient Ascent},
  author={Martin A. Zinkevich},
  booktitle={ICML},
  year={2003}
}

@article{wu2019convex,
    title={Lecture 9: Convex Learning Problems},
    author={Wu, Xiugang},
    journal={ELEG/CISC 867: Advanced Machine Learning},
    year={2019},
}


% unused junk
@book{littlestone1989weighted,
  title={The weighted majority algorithm},
  author={Littlestone, Nick and Warmuth, Manfred K and others}
}

@article{littman2015reinforcement,
  title={Reinforcement learning improves behaviour from evaluative feedback},
  author={Littman, Michael L},
  journal={Nature},
  volume={521},
  number={7553},
  pages={445--451},
  year={2015},
  publisher={Nature Publishing Group}
}

