
@book{littlestone1989weighted,
  title={The weighted majority algorithm},
  author={Littlestone, Nick and Warmuth, Manfred K and others}
}

@article{littman2015reinforcement,
  title={Reinforcement learning improves behaviour from evaluative feedback},
  author={Littman, Michael L},
  journal={Nature},
  volume={521},
  number={7553},
  pages={445--451},
  year={2015},
  publisher={Nature Publishing Group}
}

@techreport{novikoff1963convergence,
  title={On convergence proofs for perceptrons},
  author={Novikoff, Albert B},
  year={1963},
  institution={Stanford Research Inst Menlo Park CA}
}

@misc{code,
  title = {{Weighted Majority Algorithm Code},
  {\url{https://ash-aldujaili.github.io/blog/2018/01/08/wma/}}
}}

@misc{pdf,
  title = {{Online Learning using Expert Advice },
  {\url{https://www.cl.cam.ac.uk/teaching/1920/Probablty/materials/Lecture15.pdf}}
}}


@misc{MWA,
  title = {{Decision-making under total uncertainty: the multiplicative weight algorithm},
  {\url{https://www.cs.princeton.edu/courses/archive/fall13/cos521/lecnotes/lec8.pdf}}
}}


