@misc{Navaro2021,
  author = {Navarro, Ingrid and Zach, Patterson},
  title = {Lecture 23A},
  year = {2021},
  publisher = {GitHub},
  journal = {GitHub repository},
  howpublished = {\url{https://github.com/Xingyu-Lin/16831-spring-2021/blob/master/scribes/lecture_23_A}},
  commit = {https://github.com/Xingyu-Lin/16831-spring-2021/commit/e4d52331d1ae72391b281b9c5d7d648b54172d8a}
}

@misc{Kai2021,
  author = {Kai, Zhekai},
  title = {Lecture 22},
  year = {2021},
  publisher = {GitHub},
  journal = {GitHub repository},
  howpublished = {\url{https://github.com/Xingyu-Lin/16831-spring-2021/blob/master/scribes/lecture_22_A}},
  commit = {https://github.com/Xingyu-Lin/16831-spring-2021/commit/7559833633876591a04fb5673e9e21af412c5f8d}
}

@inproceedings{bagnell2006maximum,
  title={Maximum margin planning},
  author={Bagnell, J Andrew and Ratliff, Nathan and Zinkevich, Martin},
  booktitle={Proceedings of the International Conference on Machine Learning (ICML)},
  year={2006},
  organization={Citeseer}
}

@inproceedings{abbeel2004apprenticeship,
  title={Apprenticeship learning via inverse reinforcement learning},
  author={Abbeel, Pieter and Ng, Andrew Y},
  booktitle={Proceedings of the twenty-first international conference on Machine learning},
  pages={1},
  year={2004}
}

@article{eysenbach2021,
  title={Replacing rewards with examples: Example-based policy search via recursive classification},
  author={Eysenbach, Ben and Levine, Sergey and Salakhutdinov, Russ R},
  journal={Advances in Neural Information Processing Systems},
  volume={34},
  year={2021}
}

@inproceedings{chen2022,
  title={A system for general in-hand object re-orientation},
  author={Chen, Tao and Xu, Jie and Agrawal, Pulkit},
  booktitle={Conference on Robot Learning},
  pages={297--307},
  year={2022},
  organization={PMLR}
}

@article{telekinesis,
  title={Robotic Telekinesis: Learning a
  Robotic Hand Imitator by Watching Humans
  on Youtube},
  author={Sivakumar, Aravind and
  Shaw, Kenneth and Pathak, Deepak},
  journal={arXiv preprint arXiv:2202.10448},
  year={2022}
}