@book{modernOL,
  title={A Modern Introduction to Online Learning},
  author={Francesco Orabona},
  year={2021}
}

 @misc{ enwiki:1072882470,
    author = "{Wikipedia contributors}",
    title = "Simplex --- {Wikipedia}{,} The Free Encyclopedia",
    year = "2022",
    url = "https://en.wikipedia.org/w/index.php?title=Simplex&oldid=1072882470",
  }