@inproceedings{mcmahan2011ftrl,
    title={Follow-the-Regularized-Leader and Mirror Descent: Equivalence Theorems and L1 Regularization},
    author={H. Brendan McMahan},
    booktitle={JMLR: W&CP 15},
    volume={15},
    year={2011}
}