@book{littlestone1989weighted,
  title={The weighted majority algorithm},
  author={Littlestone, Nick and Warmuth, Manfred K and others}
}

@article{littman2015reinforcement,
  title={Reinforcement learning improves behaviour from evaluative feedback},
  author={Littman, Michael L},
  journal={Nature},
  volume={521},
  number={7553},
  pages={445--451},
  year={2015},
  publisher={Nature Publishing Group}
}

@techreport{novikoff1963convergence,
  title={On convergence proofs for perceptrons},
  author={Novikoff, Albert B},
  year={1963},
  institution={Stanford Research Inst Menlo Park CA}
}

@misc{simplex_img,
  author = {Presh Talwalkar},
  title = {Vivianiâ€™s Theorem},
  year = 2013,
  url = {https://mindyourdecisions.com/blog/2013/05/10/vivianis-theorem/},
  note = "[Online; accessed 19-February-2022]"
}

@misc{ wiki:lagrange,
  author = {{Lagrange multiplier}},
  title = "Lagrange multiplier --- {W}ikipedia{,} The Free Encyclopedia",
  url = "https://en.wikipedia.org/wiki/Lagrange_multiplier",
  note = "[Online; accessed 19-February-2022]"
}

@misc{ wiki:simplex,
  author = {{Simplex}},
  title = "Simplex --- {W}ikipedia{,} The Free Encyclopedia",
  url = "https://en.wikipedia.org/wiki/Simplex",
  note = "[Online; accessed 19-February-2022]"
}

@misc{prob_simplex,
  author = {The Local Maximum},
  title = {What is a probability simplex?},
  url = {https://www.localmaxradio.com/questions/what-is-a-probability-simplex},
  note = "[Online; accessed 19-February-2022]"
}
