@inproceedings{mcmahan2011follow,
  title={Follow-the-regularized-leader and mirror descent: Equivalence theorems and l1 regularization},
  author={McMahan, Brendan},
  booktitle={Proceedings of the Fourteenth International Conference on Artificial Intelligence and Statistics},
  pages={525--533},
  year={2011},
  organization={JMLR Workshop and Conference Proceedings}
}
@inproceedings{zinkevich2003online,
  title={Online convex programming and generalized infinitesimal gradient ascent},
  author={Zinkevich, Martin},
  booktitle={Proceedings of the 20th international conference on machine learning (icml-03)},
  pages={928--936},
  year={2003}
}

